@Book{xie2015,
  title = {Dynamic Documents with {R} and knitr},
  author = {Yihui Xie},
  publisher = {Chapman and Hall/CRC},
  address = {Boca Raton, Florida},
  year = {2015},
  edition = {2nd},
  note = {ISBN 978-1498716963},
  url = {http://yihui.name/knitr/},
}

@software{gds_env,
  author = { Dani Arribas-Bel },
  title = {\texttt{gds\_env}: A containerised platform for Geographic Data Science},
  url = {https://darribas.org/gds_env},
  version = {5.0},
  date = {2019-08-06},
}
